@inproceedings{KBD17,
  author    = {Guy Katz and Clark Barrett and David L. Dill and Kyle Julian and Mykel J. Kochenderfer},
  title     = {Reluplex: An Efficient SMT Solver for Verifying Deep Neural Networks},
  booktitle = {Computer Aided Verification (CAV)},
  series    = {Lecture Notes in Computer Science},
  volume    = {10426},
  pages     = {97--117},
  publisher = {Springer},
  year      = {2017},
  doi       = {10.1007/978-3-319-63387-9_5}
}

@article{BLTTKK-JMLR2020,
  author  = {Rudy Bunel and Jingyue Lu and Ilker Turkaslan and Philip H. S. Torr and Pushmeet Kohli and M. Pawan Kumar},
  title   = {Branch and Bound for Piecewise Linear Neural Network Verification},
  journal = {Journal of Machine Learning Research},
  volume  = {21},
  number  = {42},
  pages   = {1--39},
  year    = {2020},
  url     = {https://jmlr.org/papers/v21/19-468.html}
}

@inproceedings{vanHasselt2016DoubleDQN,
  author    = {Hado van Hasselt and Arthur Guez and David Silver},
  title     = {Deep Reinforcement Learning with Double Q-Learning},
  booktitle = {AAAI},
  year      = {2016}
}

@inproceedings{hester2018dqfd,
  author    = {Todd Hester and Matej Vecerik and Olivier Pietquin and Marc Lanctot and Tom Schaul and Bilal Piot and Andrej A. Rusu and Dan Horgan and John Quan and Andrew Sendonaris and Ian Osband and Gabriel Dulac-Arnold and John P. Agapiou and Joel Z. Leibo and Alex Gruslys and Mohammad Gheshlaghi Azar and Danilo Jimenez Rezende and Aja Huang and Matthew M. Botvinick and Demis Hassabis and David Silver and Satinder Singh and Shane Legg},
  title     = {Deep Q-Learning from Demonstrations},
  booktitle = {AAAI},
  year      = {2018}
}

@article{Schulman2017PPO,
  author  = {John Schulman and Filip Wolski and Prafulla Dhariwal and Alec Radford and Oleg Klimov},
  title   = {Proximal Policy Optimization Algorithms},
  journal = {arXiv preprint arXiv:1707.06347},
  year    = {2017}
}

@inproceedings{Haarnoja2018SAC,
  author    = {Tuomas Haarnoja and Aurick Zhou and Pieter Abbeel and Sergey Levine},
  title     = {Soft Actor-Critic: Off-Policy Maximum Entropy Deep Reinforcement Learning with a Stochastic Actor},
  booktitle = {ICML},
  year      = {2018}
}

@article{Silver2018AlphaZero,
  author  = {David Silver and Julian Schrittwieser and Karen Simonyan and Ioannis Antonoglou and Aja Huang and Arthur Guez and Thomas Hubert and Lucas Baker and Matthew Lai and Adrian Bolton and Yutian Chen and Timothy Lillicrap and Fan Hui and Laurent Sifre and George van den Driessche and Thore Graepel and Demis Hassabis},
  title   = {Mastering Chess and Shogi by Self-Play with a General Reinforcement Learning Algorithm},
  journal = {arXiv preprint arXiv:1712.01815},
  year    = {2017}
}

@inproceedings{Khalil2016LearningToBranch,
  author    = {Elias B. Khalil and Pierre Le Bodic and Le Song and George L. Nemhauser and Bistra Dilkina},
  title     = {Learning to Branch in Mixed Integer Programming},
  booktitle = {AAAI},
  year      = {2016}
}

@inproceedings{Gasse2019LearningToBranch,
  author    = {Maxime Gasse and Didier Ch{\'e}telat and Eloi Ferroni and Laurent Charlin and Andrea Lodi},
  title     = {Learning to Branch in Mixed Integer Programming with Graph Convolutional Neural Networks},
  booktitle = {NeurIPS},
  year      = {2019}
}
@article{Rudin2019StopExplaining,
  author  = {Cynthia Rudin},
  title   = {Stop Explaining Black Box Machine Learning Models for High Stakes Decisions and Use Interpretable Models Instead},
  journal = {Nature Machine Intelligence},
  volume  = {1},
  pages   = {206--215},
  year    = {2019},
  doi     = {10.1038/s42256-019-0048-x}
}

@inproceedings{Ribeiro2016LIME,
  author    = {Marco Tulio Ribeiro and Sameer Singh and Carlos Guestrin},
  title     = {{``Why Should I Trust You?''} Explaining the Predictions of Any Classifier},
  booktitle = {KDD},
  year      = {2016},
  pages     = {1135--1144},
  doi       = {10.1145/2939672.2939778}
}

@inproceedings{Lundberg2017SHAP,
  author    = {Scott M. Lundberg and Su-In Lee},
  title     = {A Unified Approach to Interpreting Model Predictions},
  booktitle = {NeurIPS},
  year      = {2017},
  pages     = {4765--4774}
}

@inproceedings{Sundararajan2017IG,
  author    = {Mukund Sundararajan and Ankur Taly and Qiqi Yan},
  title     = {Axiomatic Attribution for Deep Networks},
  booktitle = {ICML},
  year      = {2017},
  pages     = {3319--3328}
}

@inproceedings{Adebayo2018Sanity,
  author    = {Julius Adebayo and Justin Gilmer and Michael Muelly and Ian Goodfellow and Moritz Hardt and Been Kim},
  title     = {Sanity Checks for Saliency Maps},
  booktitle = {NeurIPS},
  year      = {2018}
}

@article{Kindermans2017Unreliability,
  author  = {Pieter{-}Jan Kindermans and Sara Hooker and Julius Adebayo and Maximilian Alber and Kristof T. Sch{\"{u}}tt and Sven D{\"{a}}hne and Dumitru Erhan and Been Kim},
  title   = {The (Un)reliability of Saliency Methods},
  journal = {arXiv preprint arXiv:1711.00867},
  year    = {2017}
}

@inproceedings{Ghorbani2019Fragile,
  author    = {Amirata Ghorbani and Abubakar Abid and James Zou},
  title     = {Interpretation of Neural Networks is Fragile},
  booktitle = {AAAI},
  year      = {2019},
  pages     = {3681--3688},
  doi       = {10.1609/aaai.v33i01.33013681}
}

@inproceedings{Slack2020FoolingLIMESHAP,
  author    = {Dylan Slack and Sophie Hilgard and Emily Jia and Sameer Singh and Himabindu Lakkaraju},
  title     = {Fooling LIME and SHAP: Adversarial Attacks on Post hoc Explanation Methods},
  booktitle = {AIES},
  year      = {2020},
  pages     = {180--190},
  doi       = {10.1145/3375627.3375830}
}

@inproceedings{Carter2019SIS,
  author    = {Brandon Carter and Jonas Mueller and Siddhartha Jain and David Gifford},
  title     = {What Made You Do This? Understanding Black-Box Decisions with Sufficient Input Subsets},
  booktitle = {AISTATS (PMLR 89)},
  year      = {2019},
  pages     = {567--576},
  url       = {https://proceedings.mlr.press/v89/carter19a.html}
}

@inproceedings{MarquesSilvaIgnatiev2022FormalXAI,
  author    = {Jo{\~a}o Marques{-}Silva and Alexey Ignatiev},
  title     = {Delivering Trustworthy {AI} through Formal {XAI}},
  booktitle = {AAAI},
  year      = {2022},
  pages     = {12342--12350}
}

@inproceedings{BassanKatz2023FormalXAI,
  author    = {Shahaf Bassan and Guy Katz},
  title     = {Towards Formal {XAI}: Formally Approximate Minimal Explanations of Neural Networks},
  booktitle = {TACAS (LNCS 13993)},
  pages     = {187--207},
  publisher = {Springer},
  year      = {2023},
  doi       = {10.1007/978-3-031-30823-9_10}
}

@inproceedings{WuWuBarrett2023VeriX,
  author    = {Min Wu and Haoze Wu and Clark Barrett},
  title     = {VeriX: Towards Verified Explainability of Deep Neural Networks},
  booktitle = {NeurIPS},
  volume    = {36},
  pages     = {22247--22268},
  year      = {2023}
}

@inproceedings{Katz2019Marabou,
  author    = {Guy Katz and Derek A. Huang and Duligur Ibeling and Kyle Julian and Christopher Lazarus and Rachel Lim and Parth Shah and Shantanu Thakoor and Haoze Wu and Aleksandar Zelji\'{c} and David L. Dill and Mykel J. Kochenderfer and Clark Barrett},
  title     = {The Marabou Framework for Verification and Analysis of Deep Neural Networks},
  booktitle = {CAV (LNCS 11561)},
  pages     = {443--452},
  publisher = {Springer},
  year      = {2019},
  doi       = {10.1007/978-3-030-25540-4_26}
}
